@article{aigner1976estimation,
  title={On the estimation of production frontiers: maximum likelihood estimation of the parameters of a discontinuous density function},
  author={Aigner, Dennis J and Amemiya, Takeshi and Poirier, Dale J},
  journal={International Economic Review},
  pages={377--396},
  year={1976},
  publisher={JSTOR}
}
@article{newey1987asymmetric,
  title={Asymmetric least squares estimation and testing},
  author={Newey, Whitney K and Powell, James L},
  journal={Econometrica: Journal of the Econometric Society},
  pages={819--847},
  year={1987},
  publisher={JSTOR}
}
@article{efron1991regression,
  title={Regression percentiles using asymmetric squared error loss},
  author={Efron, Bradley},
  journal={Statistica Sinica},
  pages={93--125},
  year={1991},
  publisher={JSTOR}
}
@article{jones1994expectiles,
  title={Expectiles and M-quantiles are quantiles},
  author={Jones, M Chris},
  journal={Statistics \& Probability Letters},
  volume={20},
  number={2},
  pages={149--153},
  year={1994},
  publisher={Elsevier}
}
@article{taylor2008estimating,
  title={Estimating value at risk and expected shortfall using expectiles},
  author={Taylor, James W},
  journal={Journal of Financial Econometrics},
  volume={6},
  number={2},
  pages={231--252},
  year={2008},
  publisher={Oxford University Press}
}
@article{kneib2013beyond,
  title={Beyond mean regression},
  author={Kneib, Thomas},
  journal={Statistical Modelling},
  volume={13},
  number={4},
  pages={275--303},
  year={2013},
  publisher={Sage Publications Sage India: New Delhi, India}
}
@article{waltrup2015expectile,
  title={Expectile and quantile regressionâ€”David and Goliath?},
  author={Waltrup, Linda Schulze and Sobotka, Fabian and Kneib, Thomas and Kauermann, G{\"o}ran},
  journal={Statistical Modelling},
  volume={15},
  number={5},
  pages={433--456},
  year={2015},
  publisher={SAGE Publications Sage India: New Delhi, India}
}
@article{morimura2012parametric,
  title={Parametric return density estimation for reinforcement learning},
  author={Morimura, Tetsuro and Sugiyama, Masashi and Kashima, Hisashi and Hachiya, Hirotaka and Tanaka, Toshiyuki},
  journal={arXiv preprint arXiv:1203.3497},
  year={2012}
}
